<?xml version="1.0" encoding="UTF-8"?><collection xmlns="http://www.loc.gov/MARC21/slim"><record><leader>00489nam--2200133-i-4500</leader><controlfield tag="001">000013260</controlfield><controlfield tag="002">20161230</controlfield><controlfield tag="005">20161230201030</controlfield><controlfield tag="008">060222s1000------------r-----000-0-eng-d</controlfield><datafield ind1=" " ind2=" " tag="245"><subfield code="a">The dynamics of science and technology social values, technical norms and scientific criteria in the development of knowledge</subfield></datafield><datafield ind1=" " ind2=" " tag="260"><subfield code="a">Dordrecht, D.Reidel Publ.Co., 1978</subfield></datafield><datafield ind1=" " ind2=" " tag="490"><subfield code="a">Sociology Of The Sciences A Yearbook</subfield></datafield><datafield ind1=" " ind2=" " tag="700"><subfield code="a">Krohn, Wolfgang., Layton, Edwin T.And Weingart, Peter</subfield></datafield><datafield ind1=" " ind2=" " tag="852"><subfield code="a">001.891</subfield></datafield></record></collection>